<record><leader>00000cas a22000007a 4500</leader><controlfield tag="001">20615014</controlfield><controlfield tag="008">891108d19331934nduwr ne      0    0eng d</controlfield><datafield ind1=" " ind2=" " tag="010"><subfield code="a">sn 89074365 </subfield></datafield><datafield ind1=" " ind2=" " tag="040"><subfield code="a">NOP</subfield><subfield code="b">eng</subfield><subfield code="c">NOP</subfield><subfield code="d">OCLCQ</subfield></datafield><datafield ind1=" " ind2=" " tag="042"><subfield code="a">msc</subfield></datafield><datafield ind1="0" ind2=" " tag="130"><subfield code="a">North Dakota state record (Bismarck, N.D. : 1933)</subfield></datafield><datafield ind1="1" ind2="0" tag="245"><subfield code="a">North Dakota state record.</subfield></datafield><datafield ind1=" " ind2=" " tag="260"><subfield code="a">Bismarck, N.D. :</subfield><subfield code="b">Sam Clark</subfield></datafield><datafield ind1=" " ind2=" " tag="300"><subfield code="a">4 v. :</subfield><subfield code="b">ill. ;</subfield><subfield code="c">43-56 cm.</subfield></datafield><datafield ind1=" " ind2=" " tag="310"><subfield code="a">Weekly</subfield></datafield><datafield ind1="0" ind2=" " tag="362"><subfield code="a">Vol. 12, no. 52 (Ap. 28, 1933)-v. 16, no. 6 (June 1, 1934).</subfield></datafield><datafield ind1=" " ind2=" " tag="500"><subfield code="a">"North Dakota" appears with masthead ornament, May 5, 1933-June 1, 1934.</subfield></datafield><datafield ind1=" " ind2=" " tag="530"><subfield code="a">Available on microfilm from the State Historical Society of North Dakota.</subfield></datafield><datafield ind1=" " ind2=" " tag="752"><subfield code="a">United States</subfield><subfield code="b">North Dakota</subfield><subfield code="c">Burleigh</subfield><subfield code="d">Bismarck.</subfield></datafield><datafield ind1="0" ind2="7" tag="785"><subfield code="t">Bismarck capital (Bismarck, N.D. : 1933)</subfield><subfield code="w">(DLC)sn 89074360</subfield></datafield><datafield ind1="0" ind2="7" tag="785"><subfield code="t">Bismarck capital and North Dakota state record (Bismarck, N.D. : 1934)</subfield><subfield code="w">(DLC)sn 89074361</subfield></datafield></record>